% This file was created with JabRef 2.8.1.
% Encoding: Cp1252

@misc{richter,
    author    = "Helmut Richter",
    title     = "Verschlüsselung im Internet",
    publisher = {Leibniz-Rechenzentrum Munchen, Munchen, Germany},
    year      = {2002},
    url       = "http://www.runway.ch/images/stories/dienstleistungen/m5%20verschluesselung%20im%20internet.pdf"
}

@misc{wiki:itsec,
  title        = {Motivation und Ziele der Informationssicherheit},
  url          = {https://de.wikipedia.org/wiki/Informationssicherheit#Motivation_und_Ziele_der_Informationssicherheit},
  year         = {2020}
}

@book{al-kadi,
  author         = {Al-Kadi, Ibrahim A},
  title          = {The origins of cryptology: The Arab contributions. In: Cryptologia,},
  year           = {1992},
  series         = {97–126},
}

@misc{huetter:geschichte,
  author       = {Arno Hütter},
  title        = {Geschichte der Kryptographie},
  year         = {2000/2001},
  url          = {https://www.oocities.org/siliconvalley/program/3996/pub/kryptographie.pdf},
}

@book{paar:2016,
  author         = {Christof Paar, Jan Pelzl},
  title          = {Kryptografie verständlich},
  publisher      = {Springer Verlag},
  year           = {2016},
}

@book{ERTEL:2020,
  author         = {wolfgang ERTEL, ekkehard LÖHMANN},
  title          = {Angewandte Kryptographie},
  publisher      = {Hanser},
  year           = {2020}
}